<?xml version="1.0" encoding="UTF-8"?><collection xmlns="http://www.loc.gov/MARC21/slim"><record><leader>00492nam--2200181-i-4500</leader><controlfield tag="001">000032245</controlfield><controlfield tag="002">20161230</controlfield><controlfield tag="005">20161230201039</controlfield><controlfield tag="008">060222s1000------------r-----000-0-eng-d</controlfield><datafield ind1=" " ind2=" " tag="040"><subfield code="a">IFIN-HH</subfield></datafield><datafield ind1=" " ind2=" " tag="080"><subfield code="a">536.7</subfield></datafield><datafield ind1="1" ind2=" " tag="100"><subfield code="a">Rogers, G.F.C</subfield></datafield><datafield ind1="1" ind2="0" tag="245"><subfield code="a">Engineering thermodynamics work and heat transfer</subfield><subfield code="c">G.f.c. rogers; y.r. mayhew</subfield></datafield><datafield ind1=" " ind2=" " tag="260"><subfield code="a">London</subfield><subfield code="b">Longmans, Green And Co</subfield><subfield code="c">1957</subfield></datafield><datafield ind1=" " ind2=" " tag="300"><subfield code="a">X + 619P</subfield></datafield><datafield ind1="1" ind2=" " tag="700"><subfield code="a">Mayhew, Y.R</subfield></datafield><datafield ind1=" " ind2=" " tag="852"><subfield code="a">12409</subfield><subfield code="c">536.7</subfield></datafield><datafield ind1=" " ind2=" " tag="CAT"><subfield code="a">Sys</subfield><subfield code="c">20110513</subfield><subfield code="h">123612</subfield></datafield></record></collection>